<record><leader>00000cas a22000007a 4500</leader><controlfield tag="001">15433578</controlfield><controlfield tag="008">870330d19281961nyuwr ne      0    0eng d</controlfield><datafield ind1=" " ind2=" " tag="010"><subfield code="a">sn 87028280 </subfield></datafield><datafield ind1=" " ind2=" " tag="040"><subfield code="a">NYS</subfield><subfield code="b">eng</subfield><subfield code="c">NYS</subfield><subfield code="d">OCLCQ</subfield></datafield><datafield ind1=" " ind2=" " tag="042"><subfield code="a">msc</subfield></datafield><datafield ind1="0" ind2="4" tag="245"><subfield code="a">The Southern Ulster pioneer.</subfield></datafield><datafield ind1=" " ind2=" " tag="260"><subfield code="a">Milton-on-Hudson [i.e. Milton], N.Y. :</subfield><subfield code="b">Record Press,</subfield><subfield code="c">1928-</subfield></datafield><datafield ind1=" " ind2=" " tag="300"><subfield code="a">v. :</subfield><subfield code="b">ill.</subfield></datafield><datafield ind1=" " ind2=" " tag="310"><subfield code="a">Weekly</subfield></datafield><datafield ind1="0" ind2=" " tag="362"><subfield code="a">Vol. 1, no. 1 (Oct. 12, 1928)-</subfield></datafield><datafield ind1="1" ind2=" " tag="362"><subfield code="a">Ceased in Oct. 1961?</subfield></datafield><datafield ind1=" " ind2=" " tag="500"><subfield code="a">Published in Marlborough, N.Y., &lt;1929&gt;, and later in Highland, N.Y. by Hudson Valley Newspapers, Inc.</subfield></datafield><datafield ind1=" " ind2=" " tag="588"><subfield code="a">Latest issue consulted: Vol. 130, no. 40 (Aug. 24, 1961).</subfield></datafield><datafield ind1=" " ind2="4" tag="651"><subfield code="a">Milton (N.Y.)</subfield><subfield code="v">Newspapers.</subfield></datafield><datafield ind1=" " ind2="4" tag="651"><subfield code="a">Marlborough (N.Y.)</subfield><subfield code="v">Newspapers.</subfield></datafield><datafield ind1=" " ind2="4" tag="651"><subfield code="a">Highland (N.Y.)</subfield><subfield code="v">Newspapers.</subfield></datafield><datafield ind1=" " ind2=" " tag="752"><subfield code="a">United States</subfield><subfield code="b">New York</subfield><subfield code="c">Ulster</subfield><subfield code="d">Milton.</subfield></datafield><datafield ind1=" " ind2=" " tag="752"><subfield code="a">United States</subfield><subfield code="b">New York</subfield><subfield code="c">Ulster</subfield><subfield code="d">Marlborough.</subfield></datafield><datafield ind1=" " ind2=" " tag="752"><subfield code="a">United States</subfield><subfield code="b">New York</subfield><subfield code="c">Ulster</subfield><subfield code="d">Highland.</subfield></datafield><datafield ind1="0" ind2="4" tag="780"><subfield code="t">Milton messenger</subfield><subfield code="w">(DLC)sn 90066377</subfield><subfield code="w">(OCoLC)23006684</subfield></datafield><datafield ind1="0" ind2="4" tag="780"><subfield code="t">National pioneer</subfield><subfield code="w">(DLC)sn 83031704</subfield><subfield code="w">(OCoLC)9963601</subfield></datafield><datafield ind1="0" ind2="7" tag="785"><subfield code="t">Marlborough record</subfield><subfield code="w">(DLC)sn 83031561</subfield><subfield code="w">(OCoLC)10028255</subfield></datafield><datafield ind1="0" ind2="7" tag="785"><subfield code="t">Southern Ulster pioneer combined with the Marlborough record</subfield><subfield code="w">(DLC)sn 90066374</subfield><subfield code="w">(OCoLC)23012766</subfield></datafield><datafield ind1="1" ind2=" " tag="029"><subfield code="a">AU@</subfield><subfield code="b">000025823043</subfield></datafield></record>